@book{on-the-origin-of-species,
  title={On the origin of species by means of natural selection, or the preservation of favoured races in the struggle for life},
  author={Darwin, C. R.},
  url={http://darwin-online.org.uk/converted/pdf/1859_Origin_F373.pdf},
  year={1859},
  publisher={London: John Murray}
}

@book{introduction-to-evolutionary-computing,
  title={Introduction to Evolutionary Computing},
  author={Eiben, A.E. and Smith, James E},
  isbn={9783662050941},
  year={2003},
  publisher={Springer-Verlag Berlin Heidelberg}
}

@online{vega,
  title={A Grammar of Interactive Graphics},
  url={https://vega.github.io/vega-lite/},
  urldate = {2019-04-16},
  year={2019},
}

@online{picbreeder,
  title={Picbreeder},
  url={http://picbreeder.org},
  urldate = {2019-04-20},
  year={2019},
}

@online{electricsheep,
  title={Electric Sheep - Crowdsourced Evolving Art},
  url={https://electricsheep.org},
  urldate = {2019-04-20},
  year={2019},
}

@online{electricsheep-founded,
  title={Scott Draves - Software Artist},
  url={https://scottdraves.com/sheep.html},
  urldate = {2019-04-20},
  year={2009},
}

@online{electricsheep-archive,
  title={Electric Sheep Archive},
  url={http://electricsheep.com/archives/},
  urldate = {2019-04-20},
  year={2019},
}

@online{picbreeder,
  title={Picbreeder},
  url={http://picbreeder.org},
  urldate = {2019-04-16},
  year={2019},
}

@online{genjam,
  title={GenJam},
  url={https://igm.rit.edu/~jabics/GenJam.html},
  urldate = {2019-04-16},
  year={2018},
}

@online{igagui,
  title={Interactive Genetic Algorithms for User Interface Design},
  url={https://ieeexplore.ieee.org/document/4424630/},
  urldate = {2019-04-20},
  author = {Quiroz, Juan C.},
  year={2007},
}

@online{tagakipaper,
  title={Interactive Evolutionary Computation: Fusion of the Capabilities of EC Optimization and Human Evaluation},
  url={https://ieeexplore.ieee.org/document/949485},
  urldate = {2019-04-16},
  year={2001},
  author={Tagaki, H.},
  published={IEEE}
}

@online{genetic-programming,
  title={Genetic Programming: A Paradigm for Genetically Breeding Populations of Computer Programs to Solve Problems},
  url={http://www.genetic-programming.com/jkpdf/tr1314.pdf},
  urldate = {2019-04-23},
  year={1990},
  author={Koza, J.}
}

@online{grammatical-evolution,
  title={Grammatical Evolution},
  url={https://ieeexplore.ieee.org/document/942529},
  urldate = {2019-04-23},
  year={2001},
  author={O'Neill, M. and Ryan, C.}
}

@online{draco,
  title={Draco: Formalizing Visualization Design Knowledge as Constraints},
  url={https://uwdata.github.io/draco/},
  urldate = {2019-04-24},
  year={2018},
  author={Moritz, D.}
}
